<?xml version="1.0" encoding="UTF-8"?><collection xmlns="http://www.loc.gov/MARC21/slim"><record><leader>00574nam--2200181-i-4500</leader><controlfield tag="001">000045575</controlfield><controlfield tag="002">20161230</controlfield><controlfield tag="005">20161230201045</controlfield><controlfield tag="008">060222s1000------------r-----000-0-fre-d</controlfield><datafield ind1=" " ind2=" " tag="040"><subfield code="a">IFIN-HH</subfield></datafield><datafield ind1=" " ind2=" " tag="041"><subfield code="a">fre</subfield></datafield><datafield ind1=" " ind2=" " tag="080"><subfield code="a">538.955(043)</subfield></datafield><datafield ind1="1" ind2=" " tag="100"><subfield code="a">Tournaire, Robert</subfield></datafield><datafield ind1="1" ind2="0" tag="245"><subfield code="a">Proprietes electriques et thermoelectriques d`alliaages dilues d`elements de transition 3d dans dses matrices de ti de zr et d`hf</subfield><subfield code="b">These</subfield><subfield code="c">Robert tournaire</subfield></datafield><datafield ind1=" " ind2=" " tag="260"><subfield code="a">Geneve</subfield><subfield code="b">Universite De Geneve</subfield><subfield code="c">1974</subfield></datafield><datafield ind1=" " ind2=" " tag="300"><subfield code="a">38P. + 59FIG</subfield></datafield><datafield ind1=" " ind2=" " tag="852"><subfield code="a">78297</subfield><subfield code="c">539.2</subfield></datafield><datafield ind1=" " ind2=" " tag="CAT"><subfield code="a">Sys</subfield><subfield code="c">20121127</subfield><subfield code="h">165507</subfield></datafield></record></collection>